
@report{2019VideoStreaming2019,
  title = {2019 {{Video Streaming Latency Report}}},
  date = {2019},
  institution = {{wowza}},
  url = {https://www.wowza.com/wp-content/uploads/Streaming-Video-Latency-Report-Interactive-2019.pdf}
}

@report{AOMAV1Codec,
  title = {{{AOM AV1}} Codec Mapping in {{Matroska}}/{{WebM}}},
  url = {https://github.com/cellar-wg/matroska-specification/blob/master/codec/av1.md}
}

@software{AV1SourceCode2020,
  title = {{{AV1}} Source Code in the {{Alliance}} for {{Open Media Git}} Repository},
  date = {2020-05-11},
  url = {https://aomedia.googlesource.com/aom}
}

@report{BitmovinVideoDeveloper2019,
  title = {Bitmovin {{Video Developer Report}} 2019},
  date = {2019},
  institution = {{Bitmovin}},
  url = {https://go.bitmovin.com/video-developer-report-2019},
  urldate = {2020-05-10}
}

@report{CiscoVisualNetworking2018,
  title = {Cisco {{Visual Networking Index}}: {{Forecast}} and {{Trends}}, 2017–2022},
  date = {2018},
  pages = {38},
  institution = {{Cisco}},
  langid = {english}
}

@report{CiscoVisualNetworking2019,
  title = {Cisco {{Visual Networking Index}}: {{Global Mobile Data Traffic Forecast Update}}, 2017–2022},
  date = {2019-02},
  institution = {{Cisco}}
}

@report{concolatoAV1CodecISO,
  title = {{{AV1 Codec ISO Media File Format Binding}}},
  author = {Concolato, Cyril and Finegan, Tom},
  url = {https://aomediacodec.github.io/av1-isobmff/}
}

@report{EncoderDesignSVTAV1,
  title = {Encoder {{Design}} for {{SVT}}-{{AV1}} ({{Scalable Video Technology}} for {{AV1 Encoder}})},
  url = {https://github.com/OpenVisualCloud/SVT-AV1/blob/master/Docs/svt-av1-encoder-design.md}
}

@software{Rav1eGitRepository2020,
  title = {Rav1e {{Git}} Repository},
  date = {2020-05-11},
  url = {https://github.com/xiph/rav1e}
}

@report{rivazAV1BitstreamDecoding2019,
  title = {{{AV1 Bitstream}} \& {{Decoding Process Specification}}},
  author = {Rivaz, Peter and Haughton, Jack},
  date = {2019-01-19},
  institution = {{AOMedia}},
  url = {https://aomediacodec.github.io/av1-spec/},
  langid = {english}
}

@report{RTPPayloadFormat,
  title = {{{RTP Payload Format For AV1}} (v0.3)},
  institution = {{AOMedia}},
  url = {https://aomediacodec.github.io/av1-rtp-spec/}
}

@report{ScalableVideoTechnology2019,
  title = {Scalable {{Video Technology}} for the {{Visual Cloud}}},
  date = {2019-04-19},
  pages = {15},
  institution = {{Intel}},
  url = {https://01.org/sites/default/files/documentation/svt_aws_wp.pdf},
  langid = {english}
}

@software{ScalableVideoTechnology2020,
  title = {Scalable {{Video Technology}} for {{AV1 Encoder}} ({{SVT}}-{{AV1 Encoder}}) {{Git}} Repository},
  date = {2020-05-11},
  url = {https://github.com/OpenVisualCloud/SVT-AV1}
}

@unpublished{shenTwitchTalksVP92019,
  title = {Twitch {{Talks VP9}}, {{AV1}} and Its {{Five}}-{{Year Encoding Roadmap}}},
  author = {Shen, Yueshi},
  date = {2019-04-23},
  url = {https://www.streamingmedia.com/Articles/ReadArticle.aspx?ArticleID=131163},
  eventtitle = {{{NAB}} 2019}
}

@report{zervasVideoStreamingNearZero,
  title = {Video {{Streaming}} with {{Near}}-{{Zero Latency Using Altera Arria V FPGAs}} and {{Video}} and {{Image Processing Suite Plus}} the {{Right Encoder}}},
  author = {Zervas, Nikos},
  pages = {10},
  langid = {english}
}


